@misc{EcmaScript,
 title = {ECMAScript 2015 Language Specification},
 author = {Ecma International},
 year = {2015},
 howpublished = {\url{http://www.ecma-international.org/ecma-262/6.0/ECMA-262.pdf}},
 note = {Accessed: 2015-12-07}
}

@misc{Babel,
 title = {Babel.js},
 author = {},
 year = {2015},
 howpublished = {\url{https://babeljs.io/}},
 note = {Accessed: 2015-12-07}
}

@misc{Acorn,
 title = {Acorn},
 author = {},
 year = {2012},
 howpublished = {\url{https://github.com/ternjs/acorn/}},
 note = {Accessed: 2016-03-07}
}

@misc{JSX,
 title = {JSX},
 author = {},
 year = {2015},
 howpublished = {\url{https://facebook.github.io/jsx/}},
 note = {Accessed: 2016-03-07}
}

@misc{Flow,
 title = {Flow},
 author = {},
 year = {2015},
 howpublished = {\url{https://flowtype.org/}},
 note = {Accessed: 2016-03-07}
}

@article{Politz:2012:TSG:2480360.2384579,
 author = {Politz, Joe Gibbs and Carroll, Matthew J. and Lerner, Benjamin S. and Pombrio, Justin and Krishnamurthi, Shriram},
 title = {A Tested Semantics for Getters, Setters, and Eval in JavaScript},
 journal = {SIGPLAN Not.},
 issue_date = {February 2013},
 volume = {48},
 number = {2},
 month = oct,
 year = {2012},
 issn = {0362-1340},
 pages = {1--16},
 numpages = {16},
 url = {http://doi.acm.org/10.1145/2480360.2384579},
 doi = {10.1145/2480360.2384579},
 acmid = {2384579},
 publisher = {ACM},
 address = {New York, NY, USA},
 keywords = {LambdaJS, accessors, desugar, eval, getters, javascript, setters, wat},
}

@article{Maffeis:2009,
 year={2009},
 isbn={978-3-642-04443-4},
 booktitle={Computer Security â€“ ESORICS 2009},
 volume={5789},
 series={Lecture Notes in Computer Science},
 editor={Backes, Michael and Ning, Peng},
 doi={10.1007/978-3-642-04444-1_31},
 title={Isolating JavaScript with Filters, Rewriting, and Wrappers},
 url={http://dx.doi.org/10.1007/978-3-642-04444-1_31},
 publisher={Springer Berlin Heidelberg},
 author={Maffeis, Sergio and Mitchell, JohnC. and Taly, Ankur},
 pages={505-522},
 language={English}
}

@misc{BabelHandbook,
 title = {Babel Plugin Handbook},
 author = {},
 year = {2015},
 howpublished = {\url{https://github.com/thejameskyle/babel-plugin-handbook}},
 note = {Accessed: 2015-12-07},
 commit = {bbe5e6087c2ab62dc0da88981ab167b3ec9e63a8}
}